<record><leader>00000cas a22000007a 4500</leader><controlfield tag="001">17577194</controlfield><controlfield tag="008">880304c19789999txuwr ne      0    0eng d</controlfield><datafield ind1=" " ind2=" " tag="010"><subfield code="a">sn 88083334 </subfield></datafield><datafield ind1=" " ind2=" " tag="040"><subfield code="a">PPM</subfield><subfield code="b">eng</subfield><subfield code="c">PPM</subfield><subfield code="d">OCLCQ</subfield></datafield><datafield ind1=" " ind2=" " tag="042"><subfield code="a">msc</subfield></datafield><datafield ind1="0" ind2="4" tag="245"><subfield code="a">The Luling newsboy and signal.</subfield></datafield><datafield ind1=" " ind2=" " tag="260"><subfield code="a">Luling [Tex.] :</subfield><subfield code="b">Bob McVey</subfield></datafield><datafield ind1=" " ind2=" " tag="310"><subfield code="a">Weekly</subfield></datafield><datafield ind1="0" ind2=" " tag="362"><subfield code="a">Vol. 98, no. 24 (Apr. 6, 1978)-</subfield></datafield><datafield ind1=" " ind2=" " tag="500"><subfield code="a">Continues numbering of Luling Signal.</subfield></datafield><datafield ind1=" " ind2=" " tag="752"><subfield code="a">United States</subfield><subfield code="b">Texas</subfield><subfield code="c">Caldwell</subfield><subfield code="d">Luling.</subfield></datafield><datafield ind1="0" ind2="4" tag="780"><subfield code="t">Newsboy (Luling, Tex.)</subfield><subfield code="w">(DLC)sn 96092517</subfield></datafield><datafield ind1="0" ind2="4" tag="780"><subfield code="t">Luling signal</subfield><subfield code="w">(DLC)sn 86088878</subfield></datafield></record>